<collection xmlns="http://www.loc.gov/MARC21/slim">
<record>
  <leader>00469na 0a22001331i 450 </leader>
  <controlfield tag="001">IT\ICCU\CNCE\068867</controlfield>
  <controlfield tag="005">20081001000000.0</controlfield>
  <datafield tag="100" ind1=" " ind2=" ">
    <subfield code="a">20061120             0itac0103    ba</subfield>
  </datafield>
  <datafield tag="101" ind1=" " ind2=" ">
    <subfield code="a">LAT</subfield>
  </datafield>
  <datafield tag="200" ind1="1" ind2=" ">
    <subfield code="a">℗Antonini Ponti Cosentini ℗Epistola de aceri amoribus ...</subfield>
  </datafield>
  <datafield tag="700" ind1=" " ind2="1">
    <subfield code="a">Ponte,</subfield>
    <subfield code="b">Antonino</subfield>
    <subfield code="3">IT\ICCU\CNCA\006985</subfield>
  </datafield>
  <datafield tag="790" ind1=" " ind2="1">
    <subfield code="a">Pontus,</subfield>
    <subfield code="b">Antoninus</subfield>
    <subfield code="3">IT\ICCU\CNCA\022945</subfield>
    <subfield code="z">Ponte, Antonino</subfield>
  </datafield>
  <datafield tag="790" ind1=" " ind2="1">
    <subfield code="a">Ponto,</subfield>
    <subfield code="b">Antonino</subfield>
    <subfield code="3">IT\ICCU\CNCA\022946</subfield>
    <subfield code="z">Ponte, Antonino</subfield>
  </datafield>
  <datafield tag="801" ind1=" " ind2="3">
    <subfield code="a">IT</subfield>
    <subfield code="b">ICCU</subfield>
    <subfield code="c">20201115</subfield>
  </datafield>
</record>
</collection>
